<?xml version="1.0" encoding="UTF-8"?><collection xmlns="http://www.loc.gov/MARC21/slim"><record><leader>00629nam--2200157-i-4500</leader><controlfield tag="001">000008714</controlfield><controlfield tag="002">20161230</controlfield><controlfield tag="005">20170121214445</controlfield><controlfield tag="008">060222s1000------------r-----000-0-eng-d</controlfield><datafield ind1=" " ind2=" " tag="080"><subfield code="a">543</subfield></datafield><datafield ind1=" " ind2=" " tag="100"><subfield code="a">Beard, Howard Richard</subfield></datafield><datafield ind1=" " ind2=" " tag="245"><subfield code="a">Determination fo rare ear earth and other trac e impurities in lead-zirconate-titanate ceramics by neutron activation analysis and piezoele ctric properties of lead-zirconate-titanate ceramics as modified by small quantities of rare earth, uranium an</subfield></datafield><datafield ind1=" " ind2=" " tag="260"><subfield code="a">Ann Arbor</subfield><subfield code="b">University Microfilms Inc</subfield><subfield code="c">1966</subfield></datafield><datafield ind1=" " ind2=" " tag="300"><subfield code="a">VII + 144 p. + 10 p</subfield></datafield><datafield ind1=" " ind2=" " tag="852"><subfield code="a">29911</subfield></datafield><datafield ind1=" " ind2=" " tag="CAT"><subfield code="a">SYS</subfield><subfield code="c">20170121</subfield><subfield code="h">214445</subfield></datafield></record></collection>